%% This BibTeX bibliography file was created using BibDesk.
%% http://bibdesk.sourceforge.net/


%% Created for Anouk Visser at 2014-06-13 20:30:01 +0200 


%% Saved with string encoding Unicode (UTF-8) 



@inproceedings{anouk,
	Author = {anouk visser},
	Date-Added = {2014-06-13 18:29:23 +0000},
	Date-Modified = {2014-06-13 18:29:43 +0000},
	Title = {something to test}}
