%% This BibTeX bibliography file was created using BibDesk.
%% http://bibdesk.sourceforge.net/


%% Created for Anouk Visser at 2014-06-13 20:35:09 +0200 


%% Saved with string encoding Unicode (UTF-8) 



@inproceedings{anouk,
	Author = {hoping it works},
	Date-Added = {2014-06-13 18:34:58 +0000},
	Date-Modified = {2014-06-13 18:35:02 +0000}}
